@article{BreslowClayton1993,
  title={Approximate inference in generalized linear mixed models},
  author={Breslow, Norman E and Clayton, David G},
  journal={Journal of the American Statistical Association},
  volume={88},
  number={421},
  pages={9--25},
  year={1993},
  publisher={Taylor \& Francis Group}
}

@article{FHT2010,
  title={Regularization paths for generalized linear models via coordinate descent},
  author={Friedman, Jerome and Hastie, Trevor and Tibshirani, Rob},
  journal={Journal of statistical software},
  volume={33},
  number={1},
  pages={1},
  year={2010},
  publisher={NIH Public Access}
}

@article{VandeGeer2008,
  title={High-dimensional generalized linear models and the lasso},
  author={Van de Geer, Sara A},
  journal={The Annals of Statistics},
  pages={614--645},
  year={2008},
  publisher={JSTOR}
}

@article{Bates2010,
  title={lme4: Mixed-effects modeling with R},
  author={Bates, Douglas M},
  journal={URL http://lme4. r-forge. r-project. org/book},
  year={2010}
}

@article{SchelldorferBuhlmann2011,
  title={Estimation for High-Dimensional Linear Mixed-Effects Models Using L1-Penalization},
  author={Schelldorfer, J{\"u}rg and B{\"u}hlmann, Peter and Van de Geer, Sara},
  journal={Scandinavian Journal of Statistics},
  volume={38},
  number={2},
  pages={197--214},
  year={2011},
  publisher={Wiley Online Library}
}

@article{BKG2010,
  title={Joint Variable Selection for Fixed and Random Effects in Linear Mixed-Effects Models},
  author={Bondell, Howard D and Krishna, Arun and Ghosh, Sujit K},
  journal={Biometrics},
  volume={66},
  number={4},
  pages={1069--1077},
  year={2010},
  publisher={Wiley Online Library}
}

@article{McCullochNeuhaus2011,
  title={Misspecifying the shape of a random effects distribution: why getting it wrong may not matter},
  author={McCulloch, Charles E and Neuhaus, John M and others},
  journal={Statistical Science},
  volume={26},
  number={3},
  pages={388--402},
  year={2011},
  publisher={Institute of Mathematical Statistics}
}

@article{ChenDunson2003,
  title={Random effects selection in linear mixed models},
  author={Chen, Zhen and Dunson, David B},
  journal={Biometrics},
  volume={59},
  number={4},
  pages={762--769},
  year={2003},
  publisher={Wiley Online Library}
}

@article{Zou2006,
  title={The adaptive lasso and its oracle properties},
  author={Zou, Hui},
  journal={Journal of the American statistical association},
  volume={101},
  number={476},
  pages={1418--1429},
  year={2006},
  publisher={Taylor \& Francis}
}

@article{heagerty2001misspecified,
  title={Misspecified maximum likelihood estimates and generalised linear mixed models},
  author={Heagerty, Patrick J and Kurland, Brenda F},
  journal={Biometrika},
  volume={88},
  number={4},
  pages={973--985},
  year={2001},
  publisher={Biometrika Trust}
}

@book{searle1992variance,
title={Variance Components},
author={Searle, Shayle R and Casella, George and McCulloch, Charles E},
volume={242},
year={1992},
publisher={John Wiley and Sons, New York}
}

@article{fan2012variable,
  title={Variable selection in linear mixed effects models},
  author={Fan, Yingying and Li, Runze},
  journal={Annals of statistics},
  volume={40},
  number={4},
  pages={2043},
  year={2012},
  publisher={NIH Public Access}
}

@article{efron2004least,
  title={Least angle regression},
  author={Efron, Bradley and Hastie, Trevor and Johnstone, Iain and Tibshirani, Robert and others},
  journal={The Annals of statistics},
  volume={32},
  number={2},
  pages={407--499},
  year={2004},
  publisher={Institute of Mathematical Statistics}
}